% This file was created with JabRef 2.3.1.
% Encoding: Cp1252

@BOOK{Agresti2007,
  title = {An Introduction to Categorical Data Analysis},
  publisher = {Wiley},
  year = {2007},
  author = {Agresti, A.},
  series = {Wiley Series in Probability and Statistics},
  isbn = {9780470114742},
  url = {http://books.google.com.mx/books?id=YRtEiDevAi0C}
}
@Manual{R14,
    title = {R: A Language and Environment for Statistical Computing},
    author = {{R Core Team}},
    organization = {R Foundation for Statistical Computing},
    address = {Vienna, Austria},
    year = {2014},
    url = {http://www.R-project.org/},
  }
  @ARTICLE{Per10,
  author = {P\'erez Rodr\'iguez, Paulino and Villase\~nor Alva, Jos\'e A.},
  title = {On testing the skew normal hypothesis},
  journal = {Journal of Statistical Planning and Inference},
  year = {2010},
  volume = {140},
  pages = {3148-3159},
  number = {11},
  month = {November}
}
